
%
%  $Description: Sample bibliography$
%
%  $Author: mankit $
%  $Date: 2008/05/20 07:24:15 $
%  $Revision: 1.11 $
%

@INPROCEEDINGS{Kelsey98sidechannel,
    author = {John Kelsey and Bruce Schneier and David Wagner and Chris Hall},
    title = {Side Channel Cryptanalysis of Product Ciphers},
    booktitle = {Journal of Computer Security},
    year = {1998},
    pages = {97--110},
    publisher = {Springer-Verlag}
}
@INPROCEEDINGS{edwards2007case,
  author = {Stephen A. Edwards and Edward A. Lee},
  title = {The Case for the Precision Timed ({PRET}) Machine},
  booktitle = dac07,
  year = {2007},
  pages = {264--265},
  address = dac07a,
  month = jun
}


